<?xml version="1.0" encoding="UTF-8"?><record xmlns="http://www.loc.gov/MARC21/slim" xmlns:cinclude="http://apache.org/cocoon/include/1.0" xmlns:zs="http://www.loc.gov/zing/srw/">
  <leader>00465nz  a2200133n  4500</leader>
  <controlfield tag="001">n  83186577 </controlfield>
  <controlfield tag="003">DLC</controlfield>
  <controlfield tag="005">19840322000000.0</controlfield>
  <controlfield tag="008">831028n| acannaab|          |a aaa |||  </controlfield>
  <datafield tag="010" ind1=" " ind2=" ">
    <subfield code="a">n  83186577 </subfield>
  </datafield>
  <datafield tag="040" ind1=" " ind2=" ">
    <subfield code="a">DLC</subfield>
    <subfield code="c">DLC</subfield>
  </datafield>
  <datafield tag="100" ind1="1" ind2="0">
    <subfield code="a">Lehnert, P.</subfield>
    <subfield code="q">(Peter)</subfield>
  </datafield>
  <datafield tag="400" ind1="1" ind2="0">
    <subfield code="a">Lehnert, Peter</subfield>
  </datafield>
  <datafield tag="670" ind1=" " ind2=" ">
    <subfield code="a">Hollender, L.F. Acute pancreatitis, 1983 (a.e.)</subfield>
    <subfield code="b">CIP t.p. (P. Lehnert) t.p. verso (Priv.-Doz. Dr. med. Peter Lehnert; Medizinische Klinik Innenstadt der UniversitaĚt MuĚnchen)</subfield>
  </datafield>
</record>